@misc{key,
  author       = {Author},
  howpublished = {HowPublished},
  title        = {Title},
  year         = {Year}
}
